<record><leader>00000cas a2200000 a 4500</leader><controlfield tag="001">52331555</controlfield><controlfield tag="008">030528d19031904mauwr ne      0    0fin  </controlfield><datafield ind1=" " ind2=" " tag="010"><subfield code="a">sn2003058015</subfield></datafield><datafield ind1=" " ind2=" " tag="040"><subfield code="a">DLC</subfield><subfield code="b">eng</subfield><subfield code="c">DLC</subfield><subfield code="d">OCLCQ</subfield><subfield code="d">DLC</subfield><subfield code="d">OCLCQ</subfield><subfield code="d">OCLCF</subfield><subfield code="d">OCLCO</subfield></datafield><datafield ind1="1" ind2=" " tag="029"><subfield code="a">AU@</subfield><subfield code="b">000024695555</subfield></datafield><datafield ind1=" " ind2=" " tag="042"><subfield code="a">pcc</subfield></datafield><datafield ind1=" " ind2=" " tag="043"><subfield code="a">n-us-ma</subfield></datafield><datafield ind1="0" ind2="0" tag="050"><subfield code="a">Newspaper</subfield></datafield><datafield ind1="0" ind2="0" tag="245"><subfield code="a">Amerikan Suomalainen tyo&#776;mies.</subfield></datafield><datafield ind1="3" ind2="0" tag="246"><subfield code="a">Tyo&#776;mies</subfield></datafield><datafield ind1=" " ind2=" " tag="260"><subfield code="a">Worcester, Mass. :</subfield><subfield code="b">Amerikan Suomalainen Tyo&#776;mies,</subfield><subfield code="c">1904-</subfield></datafield><datafield ind1=" " ind2=" " tag="300"><subfield code="a">2 v.</subfield></datafield><datafield ind1=" " ind2=" " tag="310"><subfield code="a">Weekly</subfield></datafield><datafield ind1="0" ind2=" " tag="362"><subfield code="a">N:o 1 (12 p. Elokuuta 1903)-v. 2, n:o 20 (25 p. Toukokuuta 1904).</subfield></datafield><datafield ind1=" " ind2=" " tag="515"><subfield code="a">Introductory sample issue published July 20, 1903.</subfield></datafield><datafield ind1=" " ind2="0" tag="651"><subfield code="a">Worcester (Mass.)</subfield><subfield code="v">Newspapers.</subfield></datafield><datafield ind1=" " ind2="0" tag="650"><subfield code="a">Finnish Americans</subfield><subfield code="z">United States</subfield><subfield code="v">Newspapers.</subfield></datafield><datafield ind1=" " ind2="7" tag="655"><subfield code="a">Newspapers.</subfield><subfield code="2">fast</subfield><subfield code="0">(OCoLC)fst01423814</subfield></datafield><datafield ind1=" " ind2="7" tag="650"><subfield code="a">Finnish Americans.</subfield><subfield code="2">fast</subfield><subfield code="0">(OCoLC)fst00924936</subfield></datafield><datafield ind1=" " ind2="7" tag="651"><subfield code="a">Massachusetts</subfield><subfield code="z">Worcester.</subfield><subfield code="2">fast</subfield><subfield code="0">(OCoLC)fst01207904</subfield></datafield><datafield ind1=" " ind2="7" tag="651"><subfield code="a">United States.</subfield><subfield code="2">fast</subfield><subfield code="0">(OCoLC)fst01204155</subfield></datafield><datafield ind1=" " ind2=" " tag="752"><subfield code="a">United States</subfield><subfield code="b">Massachusetts</subfield><subfield code="c">Worcester</subfield><subfield code="d">Worcester.</subfield></datafield><datafield ind1="0" ind2="0" tag="785"><subfield code="t">Tyo&#776;mies</subfield><subfield code="w">(DLC)sn 83045425</subfield><subfield code="w">(OCoLC)9458932</subfield></datafield></record>